@article{P5,
     author="{S. Ritz, H. Aihara, M. Breidenbach, B. Cousins, A. de GouvÃªa, M. Demarteau, S. Dodelson, J. L. Feng, B. Fleming, F. Gianotti, F. Halzen, J. Hewett, W. Leemans, J. Lykken, D. McK- insey, L. Merminga, T. Mori, T. Nakada, S. Peggs, S. Perlmutter, K. Pitts, K. Scholberg, R. van Kooten, M. Wise, and A. Lankford}",
     title="{Building for Discovery: Strategic Plan for U.S. Particle Physics in the Global Context}",
     year = "2020",
     url = {https://www.usparticlephysics.org/wp-content/uploads/2018/03/FINAL_P5_Report_053014.pdf},
}
